@inproceedings{2005:Atalla,
    author = {Attalla,E. and Siy,P.},
    title = {Robust shape similarity retrieval based on contour segmentation polygonalmultiresolution and elasticmatching},
    booktitle = {Pattern Recognition},
    pages = {2229-2241},
    year = 2005    
}

@inproceedings{2007:Bai,
    author = {Bai, X. and Yang, X. and Latecki, L. J.},
    title = {Detection and recognition of contour parts based on shape similarity},
    booktitle = {Pattern Recognition},
    pages = {2189-2199},
    year = 2007
}

@inproceedings{2008:Nam,
    author = {Nam, Y. and Hwang, E. and Kim, D.},
    title = {A similarity-based leaf image retrieval scheme: Joining shape and venation features},
    booktitle = {Computer Vision and Image Understanding},
    pages = {245-259},
    year = 2008
}

@inproceedings{2007:Du,
    author = {Du, J. and Huang, D. and Wang, X. and Gu, X.},
    title = {Shape recognition based on neural networks trained by differential evolution algorithm},
    booktitle = {Neurocomputing},
    pages = {896-903},
    year = 2007
}

@inproceedings{2009:Backes,
    author = {Backes, A. R. and Bruno, O. M.},
    title = {Shape classification using complex network and Multi-scale Fractal Dimension},
    booktitle = {Pattern Recognition Letters},
    pages = {44-51},
    year = 2009
}

@inproceedings{2007:Auwa,
    author = {Auwatanamongkol, S.},
    title = {Inexact graph matching using a genetic algorithm for image recognition},
    booktitle = {Pattern Recognition Letters},
    pages = {1428-1437},
    year = 2007
}

@inproceedings{2007:Deh,
    author = {Dehmeshki, J. and Ye, X. and Lin, X. Y. and Valdivieso, M. and Amin, H.},
    title = {Automated detection of lung nodules in CT images using shape-based genetic algorithm},
    booktitle = {Computerized Medical Imaging and Graphics},
    pages = {408-417},
    year = 2007
}

@inproceedings{2010:Daliri,
    author = {Daliri, M. R. and Torre, V.},
    title = {Shape recognition based on Kernel-edit distance},
    booktitle = {Computer Vision and Image Understanding},
    pages = {1097-1103},
    year = 2010
}

@inproceedings{2008:Daliri,
    author = {Daliri, M. R. and Torre, V.},
    title = {Robust symbolic representation for shape recognition and retrieval},
    booktitle = {Pattern Recognition},
    pages = {1782-1798},
    year = 2008
}

@inproceedings{2007:Xie,
    author = {Xie, J. and Heng, P. and Shah, M.},
    title = {Shape matching and modeling using skeletal context},
    booktitle = {Pattern Recognition},
    pages = {1756-1767},
    year = 2007
}

@inproceedings{2007:Goh,
    author = {Goh, W.},
    title = {Strategies for shape matching using skeletons},
    booktitle = {Computer Vision and Image Understanding},
    pages = {326-345},
    year = 2007
}

@inproceedings{2009:Bar,
    author = {Bar-Yosef, I. and Mokeichev, A. and Kedem, K. and Dinstein, I. and Ehrlich,U.},
    title = {Adaptive shape prior for recognition and variational segmentation of degraded historical characters},
    booktitle = {Pattern Recognition},
    pages = {3348-3354},
    year = 2009
}

@inproceedings{2006:Gor,
    author = {Gorelick, L. and Galun, M. and Sharon, E. and Basri, R. and Brandt,A.},
    title = {Shape Representation and Classification Using the Poisson Equation},
    booktitle = {IEEE TRANSACTIONS ON PATTERN ANALYSIS AND MACHINE INTELLIGENCE},    
    year = 2006
}

@MastersThesis{mar00,
  author = 	 {Marden Silveira Neubert},
  title = 	 {Algoritmos Distribuídos para a Construção de Arquivos invertidos},
  school = 	 {Departamento de Ciência da Computação, Universidade Federal de Minas Gerais},
  year = 	 2000,
  month =	 {Março},
  key = {author}
}
